<record><leader>00000cas a2200000 a 4500</leader><controlfield tag="001">11284481</controlfield><controlfield tag="008">841019d18771897ksuwr ne      0   a0eng d</controlfield><datafield ind1=" " ind2=" " tag="010"><subfield code="a">sn 84029879 </subfield></datafield><datafield ind1=" " ind2=" " tag="040"><subfield code="a">KSH</subfield><subfield code="b">eng</subfield><subfield code="c">KSH</subfield><subfield code="d">NPT</subfield><subfield code="d">OCL</subfield><subfield code="d">OCLCQ</subfield></datafield><datafield ind1=" " ind2=" " tag="042"><subfield code="a">msc</subfield></datafield><datafield ind1="0" ind2="0" tag="245"><subfield code="a">Ottawa journal and triumph.</subfield></datafield><datafield ind1=" " ind2=" " tag="260"><subfield code="a">Ottawa, Kan. :</subfield><subfield code="b">Journal Pub. Co.,</subfield><subfield code="c">1877-1897.</subfield></datafield><datafield ind1=" " ind2=" " tag="300"><subfield code="a">20 v. :</subfield><subfield code="b">ill. ;</subfield><subfield code="c">55-65 cm.</subfield></datafield><datafield ind1=" " ind2=" " tag="310"><subfield code="a">Weekly</subfield></datafield><datafield ind1="0" ind2=" " tag="362"><subfield code="a">New ser., v. 11, no. 37 (Apr. 5, 1877)-v. 31, no. 52 (July 1, 1897).</subfield></datafield><datafield ind1=" " ind2=" " tag="500"><subfield code="a">Published at Topeka, Kan., Mar. 1, 1894-Apr. 23, 1896; Ottawa, Kan., Apr. 30, 1896-July 1, 1897.</subfield></datafield><datafield ind1=" " ind2=" " tag="500"><subfield code="a">Published by E.H. Snow, July 25, 1878-</subfield></datafield><datafield ind1=" " ind2=" " tag="500"><subfield code="a">"Republican," Apr. 5, 1877-July 18, 1878; "People's party,"--July 1, 1897.</subfield></datafield><datafield ind1=" " ind2=" " tag="525"><subfield code="a">Has occasional supplements.</subfield></datafield><datafield ind1=" " ind2=" " tag="752"><subfield code="a">United States</subfield><subfield code="b">Kansas</subfield><subfield code="c">Franklin</subfield><subfield code="d">Ottawa.</subfield></datafield><datafield ind1=" " ind2=" " tag="752"><subfield code="a">United States</subfield><subfield code="b">Kansas</subfield><subfield code="c">Shawnee</subfield><subfield code="d">Topeka.</subfield></datafield><datafield ind1="0" ind2="4" tag="780"><subfield code="t">Ottawa journal (Ottawa, Kan. : 1870)</subfield><subfield code="w">(DLC)sn 84029877</subfield></datafield><datafield ind1="0" ind2="4" tag="780"><subfield code="t">Triumph (Ottawa, Kan.)</subfield><subfield code="w">(DLC)sn 84029878</subfield></datafield><datafield ind1="0" ind2="5" tag="780"><subfield code="t">Ottawa leader</subfield><subfield code="g">Feb. 3, 1881</subfield><subfield code="w">(DLC)sn 84029883</subfield></datafield><datafield ind1="0" ind2="0" tag="785"><subfield code="t">Ottawa journal (Ottawa, Kan. : 1898)</subfield><subfield code="w">(DLC)sn 84029880</subfield></datafield></record>